<record><leader>00000cas a2200000 a 4500</leader><controlfield tag="001">38285831</controlfield><controlfield tag="008">980129d19uu1985cauwr ne      0    0eng c</controlfield><datafield ind1=" " ind2=" " tag="010"><subfield code="a">sn 98061205 </subfield></datafield><datafield ind1=" " ind2=" " tag="040"><subfield code="a">CNK</subfield><subfield code="b">eng</subfield><subfield code="c">CNK</subfield><subfield code="d">CNK</subfield><subfield code="d">OCLCQ</subfield><subfield code="d">OCLCF</subfield><subfield code="d">OCLCO</subfield></datafield><datafield ind1="1" ind2=" " tag="029"><subfield code="a">AU@</subfield><subfield code="b">000013709366</subfield></datafield><datafield ind1=" " ind2=" " tag="042"><subfield code="a">pcc</subfield></datafield><datafield ind1=" " ind2=" " tag="043"><subfield code="a">n-us-ca</subfield></datafield><datafield ind1="0" ind2=" " tag="130"><subfield code="a">Community advocate (Cerritos, Calif. : Artesia-Cerritos)</subfield></datafield><datafield ind1="1" ind2="4" tag="245"><subfield code="a">The community advocate.</subfield></datafield><datafield ind1=" " ind2=" " tag="250"><subfield code="a">Artesia-Cerritos.</subfield></datafield><datafield ind1=" " ind2=" " tag="260"><subfield code="a">Cerritos [Calif.] :</subfield><subfield code="b">W.J. Brehm</subfield></datafield><datafield ind1=" " ind2=" " tag="300"><subfield code="a">v.</subfield></datafield><datafield ind1=" " ind2=" " tag="310"><subfield code="a">Weekly,</subfield><subfield code="b">May 2-&lt;Dec. 26, 1984&gt;</subfield></datafield><datafield ind1=" " ind2=" " tag="321"><subfield code="a">Semiweekly,</subfield><subfield code="b">&lt;Jan. 2, 1982&gt;-Apr. 25, 1984</subfield></datafield><datafield ind1="1" ind2=" " tag="362"><subfield code="a">Ceased in Jan. 1985.</subfield></datafield><datafield ind1=" " ind2=" " tag="500"><subfield code="a">"Continuing the Artesia News."</subfield></datafield><datafield ind1=" " ind2=" " tag="500"><subfield code="a">Publication moved to South Gate, Calif., Feb. 15, 1984.</subfield></datafield><datafield ind1=" " ind2=" " tag="530"><subfield code="a">Master negatives are available for duplication from:</subfield><subfield code="b">California Newspaper Microfilm Archive;</subfield><subfield code="c">positive copies may be purchased by the reel; for further information consult the CNMA at:</subfield><subfield code="u">http://cbsr.ucr.edu</subfield></datafield><datafield ind1=" " ind2=" " tag="580"><subfield code="a">Merged with: Community advocate (Cerritos, Calif. : Cypress-La Palma), and: Community advocate (Cerritos, Calif. : Hawaiian Gardens-Los Alamitos-Rossmoor-East Lakewood-El Dorado), to form: Community advocate this week.</subfield></datafield><datafield ind1=" " ind2=" " tag="588"><subfield code="a">Description based on: 31st year, no. 1a (Jan. 2, 1982).</subfield></datafield><datafield ind1=" " ind2="0" tag="651"><subfield code="a">Artesia (Calif.)</subfield><subfield code="v">Newspapers.</subfield></datafield><datafield ind1=" " ind2="0" tag="651"><subfield code="a">Cerritos (Calif.)</subfield><subfield code="v">Newspapers.</subfield></datafield><datafield ind1=" " ind2="7" tag="655"><subfield code="a">Newspapers.</subfield><subfield code="2">fast</subfield><subfield code="0">(OCoLC)fst01423814</subfield></datafield><datafield ind1=" " ind2="7" tag="651"><subfield code="a">California</subfield><subfield code="z">Artesia.</subfield><subfield code="2">fast</subfield><subfield code="0">(OCoLC)fst01218714</subfield></datafield><datafield ind1=" " ind2="7" tag="651"><subfield code="a">California</subfield><subfield code="z">Cerritos.</subfield><subfield code="2">fast</subfield><subfield code="0">(OCoLC)fst01226770</subfield></datafield><datafield ind1=" " ind2=" " tag="752"><subfield code="a">United States</subfield><subfield code="b">California</subfield><subfield code="c">Los Angeles</subfield><subfield code="d">South Gate.</subfield></datafield><datafield ind1=" " ind2=" " tag="752"><subfield code="a">United States</subfield><subfield code="b">California</subfield><subfield code="c">Los Angeles</subfield><subfield code="d">Cerritos.</subfield></datafield><datafield ind1="1" ind2="7" tag="785"><subfield code="t">Community advocate (Cerritos, Calif. : Cypress-La Palma)</subfield><subfield code="w">(DLC)sn 98061206</subfield></datafield><datafield ind1="1" ind2="7" tag="785"><subfield code="t">Community advocate (Cerritos, Calif. : Hawaiian Gardens-Los Alamitos-Rossmoor-East Lakewood-El Dorado)</subfield><subfield code="w">(DLC)sn 98061207</subfield></datafield><datafield ind1="1" ind2="7" tag="785"><subfield code="t">Community advocate this week</subfield><subfield code="w">(DLC)sn 98061208</subfield></datafield></record>